<record><leader>00000cas a22000007a 4500</leader><controlfield tag="001">20552158</controlfield><controlfield tag="008">891026d18991901nyudn ne      0    0yid d</controlfield><datafield ind1=" " ind2=" " tag="010"><subfield code="a">sn 89070128 </subfield></datafield><datafield ind1=" " ind2=" " tag="040"><subfield code="a">YOX</subfield><subfield code="b">eng</subfield><subfield code="c">YOX</subfield><subfield code="d">OCL</subfield><subfield code="d">OCLCQ</subfield><subfield code="d">OCLCF</subfield><subfield code="d">OCLCO</subfield><subfield code="d">OCLCQ</subfield></datafield><datafield ind1=" " ind2=" " tag="066"><subfield code="c">(2</subfield></datafield><datafield ind1=" " ind2=" " tag="042"><subfield code="a">msc</subfield></datafield><datafield ind1=" " ind2=" " tag="043"><subfield code="a">n-us-ny</subfield><subfield code="a">n-us---</subfield></datafield><datafield ind1=" " ind2=" " tag="096"><subfield code="a">015006374/2</subfield></datafield><datafield ind1="0" ind2="0" tag="245"><subfield code="6">880-01</subfield><subfield code="a">Nyu York&#803;er abend post&#803; =</subfield><subfield code="b">N.Y. Jewish abend-post.</subfield></datafield><datafield ind1="3" ind2="1" tag="246"><subfield code="a">N.Y. Jewish abend-post</subfield></datafield><datafield ind1="3" ind2="0" tag="246"><subfield code="a">New York Jewish abend post</subfield></datafield><datafield ind1="3" ind2="0" tag="246"><subfield code="a">New Yorker abend post</subfield></datafield><datafield ind1="1" ind2="3" tag="246"><subfield code="a">Nyu York&#803; abend post&#803;</subfield></datafield><datafield ind1="1" ind2="7" tag="246"><subfield code="a">Abend post&#803;</subfield></datafield><datafield ind1="1" ind2="7" tag="246"><subfield code="a">Jewish abend post</subfield></datafield><datafield ind1=" " ind2=" " tag="260"><subfield code="a">New York, N.Y. :</subfield><subfield code="b">Saphirstein &amp; Rosenbaum</subfield></datafield><datafield ind1=" " ind2=" " tag="300"><subfield code="a">v.</subfield></datafield><datafield ind1=" " ind2=" " tag="310"><subfield code="a">Daily (except Sat. and Jewish holidays)</subfield></datafield><datafield ind1="0" ind2=" " tag="362"><subfield code="a">Vol. 1, no. 1 (Feb. 3, 1899)-</subfield></datafield><datafield ind1="1" ind2=" " tag="362"><subfield code="a">Ceased Dec. 5, 1901?</subfield></datafield><datafield ind1=" " ind2=" " tag="500"><subfield code="a">Some issues called: City edition.</subfield></datafield><datafield ind1=" " ind2=" " tag="530"><subfield code="a">Also issued on microfilm from the New York Public Library.</subfield></datafield><datafield ind1=" " ind2=" " tag="546"><subfield code="a">In Yiddish.</subfield></datafield><datafield ind1=" " ind2=" " tag="580"><subfield code="a">Weekly ed.: Der Idisher zshurnal.</subfield></datafield><datafield ind1=" " ind2="0" tag="650"><subfield code="a">Jewish newspapers</subfield><subfield code="z">New York (State)</subfield><subfield code="z">New York.</subfield></datafield><datafield ind1=" " ind2="0" tag="650"><subfield code="a">Jewish newspapers</subfield><subfield code="z">United States.</subfield></datafield><datafield ind1=" " ind2="0" tag="651"><subfield code="a">New York (N.Y.)</subfield><subfield code="v">Newspapers.</subfield></datafield><datafield ind1=" " ind2="7" tag="650"><subfield code="a">Jewish newspapers.</subfield><subfield code="2">fast</subfield><subfield code="0">(OCoLC)fst00982872</subfield></datafield><datafield ind1=" " ind2="7" tag="651"><subfield code="a">New York (State)</subfield><subfield code="z">New York.</subfield><subfield code="2">fast</subfield><subfield code="0">(OCoLC)fst01204333</subfield></datafield><datafield ind1=" " ind2="7" tag="651"><subfield code="a">United States.</subfield><subfield code="2">fast</subfield><subfield code="0">(OCoLC)fst01204155</subfield></datafield><datafield ind1=" " ind2="7" tag="655"><subfield code="a">Newspapers.</subfield><subfield code="2">fast</subfield><subfield code="0">(OCoLC)fst01423814</subfield></datafield><datafield ind1=" " ind2=" " tag="752"><subfield code="a">United States</subfield><subfield code="b">New York</subfield><subfield code="c">New York</subfield><subfield code="d">New York.</subfield></datafield><datafield ind1="1" ind2=" " tag="775"><subfield code="t">Idisher zshurnal</subfield><subfield code="w">(DLC)sn 84031418</subfield></datafield><datafield ind1="0" ind2="0" tag="880"><subfield code="6">245-01/(2/r</subfield><subfield code="a">&#1504;&#1497;&#1493; &#1497;&#1488;&#1512;&#1511;&#1506;&#1512; &#1488;&#1489;&#1506;&#1504;&#1491; &#1508;&#1488;&#1505;&#1496; =</subfield><subfield code="b">N.Y Jewish abend-post.</subfield></datafield><datafield ind1="1" ind2=" " tag="029"><subfield code="a">AU@</subfield><subfield code="b">000025868758</subfield></datafield></record>